# Bibliography for methods

@article{empty}

@article{tanouchi2015noisy,
  title={A noisy linear map underlies oscillations in cell size and gene expression in bacteria},
  author={Tanouchi, Yu and Pai, Anand and Park, Heungwon and Huang, Shuqiang and Stamatov, Rumen and Buchler, Nicolas E and You, Lingchong},
  journal={Nature},
  volume={523},
  number={7560},
  pages={357},
  year={2015},
  publisher={Nature Publishing Group}
}

@article{sauls2016adder,
  title={Adder and a coarse-grained approach to cell size homeostasis in bacteria},
  author={Sauls, John T and Li, Dongyang and Jun, Suckjoon},
  journal={Current opinion in cell biology},
  volume={38},
  pages={38--44},
  year={2016},
  publisher={Elsevier}
}

@article{gunawardena2012silicon,
  title={Silicon dreams of cells into symbols},
  author={Gunawardena, Jeremy},
  journal={Nature biotechnology},
  volume={30},
  number={9},
  pages={838},
  year={2012},
  publisher={Nature Publishing Group}
}

@misc{FireWorks1.6.2,
  title = {FireWorks 1.6.2 documentation},
  author={Jain, Anubhav},
  howpublished = {\url{https://materialsproject.github.io/fireworks/}},
  date = {2013}
}

@article{carrera2014integrative,
  title={An integrative, multi-scale, genome-wide model reveals the phenotypic landscape of Escherichia coli},
  author={Carrera, Javier and Estrela, Raissa and Luo, Jing and Rai, Navneet and Tsoukalas, Athanasios and Tagkopoulos, Ilias},
  journal={Molecular systems biology},
  volume={10},
  number={7},
  pages={735},
  year={2014},
  publisher={EMBO Press}
}

@article{neidhardt1974culture,
  title={Culture medium for enterobacteria},
  author={Neidhardt, Frederick C and Bloch, Philip L and Smith, David F},
  journal={Journal of bacteriology},
  volume={119},
  number={3},
  pages={736--747},
  year={1974},
  publisher={Am Soc Microbiol}
}

@misc{bushnell2016bbmap,
  title={BBMap short read aligner, and other bioinformatics tools},
  author={Bushnell, Brian},
  howpublished={\url{http://sourceforge.net/projects/bbmap}},
  year={2016}
}

@article{li2011rsem,
  title={RSEM: accurate transcript quantification from RNA-Seq data with or without a reference genome},
  author={Li, Bo and Dewey, Colin N},
  journal={BMC bioinformatics},
  volume={12},
  number={1},
  pages={323},
  year={2011},
  publisher={BioMed Central}
}

@article{kitagawa2005complete,
  title={Complete set of ORF clones of Escherichia coli ASKA library (A Complete S et of E. coli K-12 ORF A rchive): Unique Resources for Biological Research},
  author={Kitagawa, Masanari and Ara, Takeshi and Arifuzzaman, Mohammad and Ioka-Nakamichi, Tomoko and Inamoto, Eiji and Toyonaga, Hiromi and Mori, Hirotada},
  journal={DNA research},
  volume={12},
  number={5},
  pages={291--299},
  year={2005},
  publisher={Oxford University Press}
}





# Bibliography for supplementary materials

@article{gerdes2003experimental,
  title={Experimental determination and system level analysis of essential genes in Escherichia coli MG1655},
  author={Gerdes, SYea and Scholle, MD and Campbell, JW and Balazsi, G and Ravasz, E and Daugherty, MD and Somera, AL and Kyrpides, NC and Anderson, I and Gelfand, MS and others},
  journal={Journal of bacteriology},
  volume={185},
  number={19},
  pages={5673--5684},
  year={2003},
  publisher={Am Soc Microbiol}
}

@article{Blattner:1997wl,
author = {Blattner, F R and Plunkett, G and Bloch, C A and Perna, N T and Burland, V and Riley, M and Collado-Vides, J and Glasner, J D and Rode, C K and Mayhew, G F and Gregor, J and Davis, N W and Kirkpatrick, H A and Goeden, M A and Rose, D J and Mau, B and Shao, Y},
title = {{The complete genome sequence of Escherichia coli K-12.}},
journal = {Science (New York, N.Y.)},
year = {1997},
volume = {277},
number = {5331},
pages = {1453--1462},
month = sep
}


@book{Neidhardt:1990tna,
author = {Neidhardt, Frederick Carl and Ingraham, John L and Schaechter, Moselio},
title = {{Physiology of the bacterial cell: a molecular approach}},
publisher = {Sinauer Associates Sunderland, MA},
year = {1990}
}

@article{Russell:1995vc,
author = {Russell, J B and Cook, G M},
title = {{Energetics of bacterial growth: balance of anabolic and catabolic reactions.}},
journal = {Microbiological reviews},
year = {1995},
volume = {59},
number = {1},
pages = {48--62},
month = mar
}

@article{Keseler:2013di,
author = {Keseler, Ingrid M and Mackie, Amanda and Peralta-Gil, Martin and Santos-Zavaleta, Alberto and Gama-Castro, Socorro and Bonavides-Mart{\'\i}nez, C{\'e}sar and Fulcher, Carol and Huerta, Araceli M and Kothari, Anamika and Krummenacker, Markus and Latendresse, Mario and Mu{\~n}iz-Rascado, Luis and Ong, Quang and Paley, Suzanne and Schr{\"o}der, Imke and Shearer, Alexander G and Subhraveti, Pallavi and Travers, Mike and Weerasinghe, Deepika and Weiss, Verena and Collado-Vides, Julio and Gunsalus, Robert P and Paulsen, Ian and Karp, Peter D},
title = {{EcoCyc: fusing model organism databases with systems biology.}},
journal = {Nucleic acids research},
year = {2013},
volume = {41},
number = {Database issue},
pages = {D605--12},
month = jan
}

@article{Weaver:2014go,
author = {Weaver, Daniel S and Keseler, Ingrid M and Mackie, Amanda and Paulsen, Ian T and Karp, Peter D},
title = {{A genome-scale metabolic flux model of Escherichia coli K-12 derived from the EcoCyc database.}},
journal = {BMC Systems Biology},
year = {2014},
volume = {8},
pages = {79},
month = jun
}

@article{Schomburg:2013gp,
author = {Schomburg, Ida and Chang, Antje and Placzek, Sandra and S{\"o}hngen, Carola and Rother, Michael and Lang, Maren and Munaretto, Cornelia and Ulas, Susanne and Stelzer, Michael and Grote, Andreas and Scheer, Maurice and Schomburg, Dietmar},
title = {{BRENDA in 2013: integrated reactions, kinetic data, enzyme function data, improved disease classification: new options and contents in BRENDA.}},
journal = {Nucleic acids research},
year = {2013},
volume = {41},
number = {Database issue},
pages = {D764--72},
month = jan
}

@article{Tobias:1991tz,
author = {Tobias, J W and Shrader, T E and Rocap, G and Varshavsky, A},
title = {{The N-end rule in bacteria.}},
journal = {Science (New York, N.Y.)},
year = {1991},
volume = {254},
number = {5036},
pages = {1374--1377},
month = nov
}

@article{Bremer:1996uj,
author = {Bremer, Hans and Dennis, Patrick},
title = {{Modulation of chemical composition and other parameters of the cell by growth rate}},
journal = {Escherichia coli and Salmonella: cellular and molecular biology,},
year = {1996},
volume = {2},
pages = {1553--1569}
}

@article{Donachie:1968vp,
author = {Donachie, W D},
title = {{Relationship between cell size and time of initiation of DNA replication.}},
journal = {The American Journal of Gastroenterology},
year = {1968},
volume = {219},
number = {5158},
pages = {1077--1079},
month = sep
}

@article{bremer2008modulation,
  title={Modulation of chemical composition and other parameters of the cell at different exponential growth rates},
  author={Bremer, Hans and Dennis, Patrick P},
  journal={EcoSal Plus},
  volume={3},
  number={1},
  year={2008},
  publisher={American Society of Microbiology}
}

@article{feist2007genome,
  title={A genome-scale metabolic reconstruction for Escherichia coli K-12 MG1655 that accounts for 1260 ORFs and thermodynamic information},
  author={Feist, Adam M and Henry, Christopher S and Reed, Jennifer L and Krummenacker, Markus and Joyce, Andrew R and Karp, Peter D and Broadbelt, Linda J and Hatzimanikatis, Vassily and Palsson, Bernhard {\O}},
  journal={Molecular systems biology},
  volume={3},
  number={1},
  pages={121},
  year={2007},
  publisher={EMBO Press}
}


@article{karp2014ecocyc,
   author = {Karp, Peter D and Weaver, Daniel and Paley, Suzanne and Fulcher, Carol and Kubo, Aya and Kothari, Anamika and Krummenacker, Markus and Subhraveti, Pallavi and others},
   title = {The {EcoCyc} Database},
   journal = {EcoSal Plus},
   year = {2014},
   url = {http://www.asmscience.org/content/journal/ecosalplus/10.1128/ecosalplus.ESP-0009-2013}
}


@article{bennett2009absolute,
  title={Absolute metabolite concentrations and implied enzyme active site occupancy in Escherichia coli},
  author={Bennett, Bryson D and Kimball, Elizabeth H and Gao, Melissa and Osterhout, Robin and Van Dien, Stephen J and Rabinowitz, Joshua D},
  journal={Nature chemical biology},
  volume={5},
  number={8},
  pages={593--599},
  year={2009},
  publisher={Nature Publishing Group}
}

@article{toya201013c,
  title={13C-metabolic flux analysis for batch culture of Escherichia coli and its pyk and pgi gene knockout mutants based on mass isotopomer distribution of intracellular metabolites},
  author={Toya, Yoshihiro and Ishii, Nobuyoshi and Nakahigashi, Kenji and Hirasawa, Takashi and Soga, Tomoyoshi and Tomita, Masaru and Shimizu, Kazuyuki},
  journal={Biotechnology progress},
  volume={26},
  number={4},
  pages={975--992},
  year={2010},
  publisher={Wiley Online Library}
}

@article{li2014quantifying,
  title={Quantifying absolute protein synthesis rates reveals principles underlying allocation of cellular resources},
  author={Li, Gene-Wei and Burkhardt, David and Gross, Carol and Weissman, Jonathan S},
  journal={Cell},
  volume={157},
  number={3},
  pages={624--635},
  year={2014},
  publisher={Elsevier}
}

@article{schmidt2016quantitative,
  title={The quantitative and condition-dependent Escherichia coli proteome},
  author={Schmidt, Alexander and Kochanowski, Karl and Vedelaar, Silke and Ahrn{\'e}, Erik and Volkmer, Benjamin and Callipo, Luciano and Knoops, K{\`e}vin and Bauer, Manuel and Aebersold, Ruedi and Heinemann, Matthias},
  journal={Nature biotechnology},
  volume={34},
  number={1},
  pages={104--110},
  year={2016},
  publisher={Nature Publishing Group}
}

@article{bernstein2002global,
  title={Global analysis of mRNA decay and abundance in Escherichia coli at single-gene resolution using two-color fluorescent DNA microarrays},
  author={Bernstein, Jonathan A and Khodursky, Arkady B and Lin, Pei-Hsun and Lin-Chao, Sue and Cohen, Stanley N},
  journal={Proceedings of the National Academy of Sciences},
  volume={99},
  number={15},
  pages={9697--9702},
  year={2002},
  publisher={National Acad Sciences}
}


@article {CPE:CPE3505,
author = {Jain, Anubhav and Ong, Shyue Ping and Chen, Wei and Medasani, Bharat and Qu, Xiaohui and Kocher, Michael and Brafman, Miriam and Petretto, Guido and Rignanese, Gian-Marco and Hautier, Geoffroy and Gunter, Daniel and Persson, Kristin A.},
title = {FireWorks: a dynamic workflow system designed for high-throughput applications},
journal = {Concurrency and Computation: Practice and Experience},
volume = {27},
number = {17},
issn = {1532-0634},
url = {http://dx.doi.org/10.1002/cpe.3505},
doi = {10.1002/cpe.3505},
pages = {5037--5059},
keywords = {scientific workflows, high-throughput computing, fault-tolerant computing},
year = {2015},
note = {CPE-14-0307.R2},
}

@article{Bremer:1977uj,
author = {Bremer, H. and Churchward, G},
title = {{An examination of the Cooper-Helmstetter theory of DNA replication in bacteria and its underlying assumptions.}},
journal = {Journal of Theoretical Biology},
year = {1977},
volume = {69},
number = {4},
pages = {645--654},
month = dec
}

@article{Birch:2014ej,
author = {Birch, Elsa W and Udell, Madeleine and Covert, Markus W},
title = {{Incorporation of flexible objectives and time-linked simulation with flux balance analysis.}},
journal = {Journal of Theoretical Biology},
year = {2014},
volume = {345},
pages = {12--21},
month = mar
}

@misc{bbmap,
  title={BBTools},
  howpublished = {\url{http://jgi.doe.gov/data-and-tools/bbtools/}},
  note = {Accessed: 2017-02-16},
  year = {N/A}
}

@article{Li2011,
  title={RSEM: accurate transcript quantification from RNA-Seq data with or without a reference genome},
  author={Li, Bo and Dewey, Colin N},
  journal={BMC bioinformatics},
  volume={12},
  number={1},
  pages={323},
  year={2011},
  publisher={BioMed Central}
}

@article{Wallden2016,
  title={The synchronization of replication and division cycles in individual E. coli cells},
  author={Wallden, Mats and Fange, David and Lundius, Ebba Gregorsson and Baltekin, {\"O}zden and Elf, Johan},
  journal={Cell},
  volume={166},
  number={3},
  pages={729--739},
  year={2016},
  publisher={Elsevier}
}


@article{Karr2012a,
author = {Karr, Jonathan R. and Sanghvi, Jayodita C and Macklin, Derek N and Gutschow, Miriam V and Jacobs, Jared M and Bolival Jr., Benjamin and Assad-Garcia, Nacyra and Glass, John I and Covert, Markus W},
title = {{A Whole-Cell Computational Model Predicts Phenotype from Genotype}},
journal = {Cell},
year = {2012},
volume = {150},
number = {2},
pages = {389--401},
month = jul,
}

@article{Bar2011,
  title={The moderately efficient enzyme: evolutionary and physicochemical trends shaping enzyme parameters},
  author={Bar-Even, Arren and Noor, Elad and Savir, Yonatan and Liebermeister, Wolfram and Davidi, Dan and Tawfik, Dan S and Milo, Ron},
  journal={Biochemistry},
  volume={50},
  number={21},
  pages={4402--4410},
  year={2011},
  publisher={ACS Publications}
}

@article{orth2011comprehensive,
  title={A comprehensive genome-scale reconstruction of Escherichia coli metabolism—2011},
  author={Orth, Jeffrey D and Conrad, Tom M and Na, Jessica and Lerman, Joshua A and Nam, Hojung and Feist, Adam M and Palsson, Bernhard {\O}},
  journal={Molecular systems biology},
  volume={7},
  number={1},
  pages={535},
  year={2011},
  publisher={EMBO Press}
}

@article{doi:10.1093/dnares/dsi012,
author = {Kitagawa, Masanari and Ara, Takeshi and Arifuzzaman, Mohammad and Ioka-Nakamichi, Tomoko and Inamoto, Eiji and Toyonaga, Hiromi and Mori, Hirotada},
title = { Complete set of ORF clones of Escherichia coli ASKA library ( A Complete S et of E. coli K -12 ORF A rchive): Unique Resources for Biological Research },
journal = {DNA Research},
volume = {12},
number = {5},
pages = {291},
year = {2005},
doi = {10.1093/dnares/dsi012},
URL = { + http://dx.doi.org/10.1093/dnares/dsi012},
eprint = {/oup/backfile/content_public/journal/dnaresearch/12/5/10.1093_dnares_dsi012/3/dsi012.pdf}
}

@article{proteases,
  title={Proteases and protein degradation in Escherichia coli.},
  author={Maurizi MR},
  journal={Experientia},
  volume={48},
  number={2},
  pages={178--201},
  year={1992},
}

@article{Nath10061970,
author = {Nath, Kamalendu and Koch, Arthur L.}, 
title = {Protein Degradation in Escherichia coli : I. MEASUREMENT OF RAPIDLY AND SLOWLY DECAYING COMPONENTS},
volume = {245}, 
number = {11}, 
pages = {2889-2900}, 
year = {1970}, 
URL = {http://www.jbc.org/content/245/11/2889.abstract}, 
eprint = {http://www.jbc.org/content/245/11/2889.full.pdf+html}, 
journal = {Journal of Biological Chemistry} 
}

@article{maeda2015strength,
  title={Strength and regulation of seven rRNA promoters in Escherichia coli},
  author={Maeda, Michihisa and Shimada, Tomohiro and Ishihama, Akira},
  journal={PloS one},
  volume={10},
  number={12},
  pages={e0144697},
  year={2015},
  publisher={Public Library of Science}
}

@article{sanchez2019genome,
  title={Genome-wide effects on Escherichia coli transcription from ppGpp binding to its two sites on RNA polymerase},
  author={Sanchez-Vazquez, Patricia and Dewey, Colin N and Kitten, Nicole and Ross, Wilma and Gourse, Richard L},
  journal={Proceedings of the National Academy of Sciences},
  volume={116},
  number={17},
  pages={8310--8319},
  year={2019},
  publisher={National Acad Sciences}
}

@article{bosdriesz2015fast,
  title={How fast-growing bacteria robustly tune their ribosome concentration to approximate growth-rate maximization},
  author={Bosdriesz, Evert and Molenaar, Douwe and Teusink, Bas and Bruggeman, Frank J},
  journal={The FEBS journal},
  volume={282},
  number={10},
  pages={2029--2044},
  year={2015},
  publisher={Wiley Online Library}
}

@article{murray1996control,
  title={Control ofspoT-dependent ppGpp Synthesis and Degradation inEscherichia coli},
  author={Murray, Daniel K and Bremer, Hans},
  journal={Journal of molecular biology},
  volume={259},
  number={1},
  pages={41--57},
  year={1996},
  publisher={Elsevier}
}
